<record><leader>01114cam a2200313 a 4500</leader><controlfield tag="001">1002112</controlfield><controlfield tag="008">880412s1985    gw       b      1 0bger d</controlfield><datafield ind1=" " ind2=" " tag="010"><subfield code="a">   85167955 //r88</subfield></datafield><datafield ind1=" " ind2=" " tag="020"><subfield code="a">3761083742</subfield></datafield><datafield ind1=" " ind2=" " tag="035"><subfield code="a">ocm12732215</subfield></datafield><datafield ind1=" " ind2=" " tag="040"><subfield code="a">MH</subfield><subfield code="b">eng</subfield><subfield code="c">MH</subfield><subfield code="d">DLC</subfield></datafield><datafield ind1=" " ind2=" " tag="049"><subfield code="a">AEU</subfield><subfield code="b">eng</subfield></datafield><datafield ind1="0" ind2="0" tag="050"><subfield code="a">ML410.W19</subfield><subfield code="b">K33 1985</subfield></datafield><datafield ind1="0" ind2=" " tag="090"><subfield code="a">ML 410 W19 K19 1985</subfield></datafield><datafield ind1="1" ind2=" " tag="100"><subfield code="a">Katz, Jacob,</subfield><subfield code="d">1904-1998.</subfield></datafield><datafield ind1="1" ind2="0" tag="245"><subfield code="a">Richard Wagner :</subfield><subfield code="b">Vorbote des Antisemitismus /</subfield><subfield code="c">Jacob Katz.</subfield></datafield><datafield ind1=" " ind2=" " tag="260"><subfield code="a">K&#246;nigstein/Ts. :</subfield><subfield code="b">J&#252;discher Verlag, Athen&#228;um,</subfield><subfield code="c">c1985.</subfield></datafield><datafield ind1=" " ind2=" " tag="300"><subfield code="a">216 p. ;</subfield><subfield code="c">21 cm.</subfield></datafield><datafield ind1=" " ind2=" " tag="336"><subfield code="a">text</subfield><subfield code="b">txt</subfield><subfield code="2">rdacontent</subfield></datafield><datafield ind1=" " ind2=" " tag="337"><subfield code="a">unmediated</subfield><subfield code="b">n</subfield><subfield code="2">rdamedia</subfield></datafield><datafield ind1=" " ind2=" " tag="338"><subfield code="a">volume</subfield><subfield code="b">nc</subfield><subfield code="2">rdacarrier</subfield></datafield><datafield ind1="1" ind2=" " tag="490"><subfield code="a">Ver&#246;ffentlichung des Leo Baeck Instituts.</subfield></datafield><datafield ind1=" " ind2=" " tag="504"><subfield code="a">Includes bibliographies and index.</subfield></datafield><datafield ind1=" " ind2=" " tag="596"><subfield code="a">38</subfield></datafield><datafield ind1="1" ind2="0" tag="600"><subfield code="a">Wagner, Richard,</subfield><subfield code="d">1813-1883</subfield><subfield code="x">Relations with Jews.</subfield></datafield><datafield ind1=" " ind2="0" tag="650"><subfield code="a">Composers</subfield><subfield code="z">Germany</subfield><subfield code="v">Biography.</subfield></datafield><datafield ind1=" " ind2="0" tag="650"><subfield code="a">Antisemitism.</subfield></datafield><datafield ind1=" " ind2="0" tag="830"><subfield code="a">Ver&#246;ffentlichung des Leo Baeck Instituts.</subfield></datafield><datafield ind1=" " ind2=" " tag="926"><subfield code="a">ML 410 W19 K19 1985</subfield><subfield code="w">LC</subfield><subfield code="c">1</subfield><subfield code="i">000024086456</subfield><subfield code="l">ON_SHELF</subfield><subfield code="m">UABARD</subfield><subfield code="p">$150.00</subfield><subfield code="r">Y</subfield><subfield code="s">Y</subfield><subfield code="t">BOOK</subfield><subfield code="u">4/13/1988</subfield><subfield code="o">.STAFF. A0042056</subfield></datafield></record>